<?xml version="1.0" encoding="UTF-8"?><record xmlns="http://www.loc.gov/MARC21/slim" xmlns:cinclude="http://apache.org/cocoon/include/1.0" xmlns:zs="http://www.loc.gov/zing/srw/">
  <leader>00588cz  a2200169n  4500</leader>
  <controlfield tag="001">n  85096312 </controlfield>
  <controlfield tag="003">DLC</controlfield>
  <controlfield tag="005">19971215154435.0</controlfield>
  <controlfield tag="008">850513n| acannaab|          |a ana |||  </controlfield>
  <datafield tag="010" ind1=" " ind2=" ">
    <subfield code="a">n  85096312 </subfield>
  </datafield>
  <datafield tag="040" ind1=" " ind2=" ">
    <subfield code="a">DLC</subfield>
    <subfield code="c">DLC</subfield>
    <subfield code="d">DLC</subfield>
  </datafield>
  <datafield tag="130" ind1=" " ind2="0">
    <subfield code="a">Tōkyō monogatari (Motion picture)</subfield>
  </datafield>
  <datafield tag="430" ind1=" " ind2="0">
    <subfield code="a">Viaggio a Tokyo</subfield>
  </datafield>
  <datafield tag="430" ind1=" " ind2="0">
    <subfield code="a">Tokyo story (Motion picture)</subfield>
  </datafield>
  <datafield tag="670" ind1=" " ind2=" ">
    <subfield code="a">Ozu Yasujirō Tōkyō monogatari, 1984.</subfield>
  </datafield>
  <datafield tag="670" ind1=" " ind2=" ">
    <subfield code="a">Ozu Yasujirō, c1996:</subfield>
    <subfield code="b">t.p. (Viaggio a Tokyo)</subfield>
  </datafield>
  <datafield tag="670" ind1=" " ind2=" ">
    <subfield code="a">Internet movie data base, 12-15-97</subfield>
    <subfield code="b">(Tokyo monogatari; 1953; dir. by Ozu Yasujiro; English title: Tokyo story)</subfield>
  </datafield>
</record>